@book{JolliffeIT1986PCAa,
series = "Principal Component Analysis",
issn = "0172-7397",
pages = "115--128",
publisher = "Springer New York",
isbn = "978-1-4757-1906-2",
year = "1986",
title = "Principal Component Analysis and Factor Analysis",
author = "Jolliffe, I T",
}

